@MISC{268274,
TITLE = {Mutual set of representatives for left and right cosets: what about infinite groups?},
AUTHOR = {Geoff Robinson (https://math.stackexchange.com/users/13147/geoff-robinson)},
HOWPUBLISHED = {Mathematics Stack Exchange},
NOTE = {(version: 2013-01-01)},
EPRINT = {https://math.stackexchange.com/q/268274},
URL = {https://math.stackexchange.com/q/268274}
}

@MISC{229187,
TITLE = {Show group of order $4n + 2$ has a subgroup of index 2.},
AUTHOR = {Shubhodip Mondal (https://math.stackexchange.com/users/32215/shubhodip-mondal)},
HOWPUBLISHED = {Mathematics Stack Exchange},
NOTE = {(version: 2014-11-14)},
EPRINT = {https://math.stackexchange.com/q/229187},
URL = {https://math.stackexchange.com/q/229187}
}

@MISC{4007847,
TITLE = {order of a class-preserving automorphism of $G$ have all its prime factor divides $|G|$},
AUTHOR = {Nicky Hekster (https://math.stackexchange.com/users/9605/nicky-hekster)},
HOWPUBLISHED = {Mathematics Stack Exchange},
NOTE = {(version: 2021-02-01)},
EPRINT = {https://math.stackexchange.com/q/4007847},
URL = {https://math.stackexchange.com/q/4007847}
}

@MISC{groupprops,
TITLE = {Union of all conjugates of subgroup of finite index is proper},
AUTHOR ={Groupprops contributors},
HOWPUBLISHED = {Groupprops, The Group Properties Wiki (beta)},
NOTE = {},
URL = {https://groupprops.subwiki.org/w/index.php?title=Union_of_all_conjugates_of_subgroup_of_finite_index_is_proper&oldid=33133},
}

@MISC{groupprops_nilpotency,
	TITLE = {Equivalence of definitions of nilpotency class},
	AUTHOR ={Groupprops contributors},
	HOWPUBLISHED = {Groupprops, The Group Properties Wiki (beta)},
	NOTE = {},
	URL = {https://groupprops.subwiki.org/w/index.php?title=Equivalence_of_definitions_of_nilpotency_class&oldid=18932},
}

@MISC {1593829,
TITLE = {The number of $p$-subgroups of a group},
AUTHOR = {p Groups (https://math.stackexchange.com/users/301282/p-groups)},
HOWPUBLISHED = {Mathematics Stack Exchange},
NOTE = {(version: 2015-12-30)},
EPRINT = {https://math.stackexchange.com/q/1593829},
URL = {https://math.stackexchange.com/q/1593829}
}

@misc{ wiki:001,
author = "{Wikipedia contributors}",
title = "Braid goup --- {W}ikipedia{,} The Free Encyclopedia",
year = "2021",
url = "https:/en.wikipedia.org/w/index.php?title=Braid_group&oldid=1000230639",
note = "[Online; accessed 4-Feburary-2021]"
}

@misc{ wiki:cen,
	author = "{Wikipedia contributors}",
	title = "Central series --- {W}ikipedia{,} The Free Encyclopedia",
	year = "2021",
	url = "https://en.wikipedia.org/w/index.php?title=Central_series&oldid=1000227178",
	note = "[Online; accessed 5-March-2021]"
}

@MISC {3983366,
TITLE = {Prove any subgroup $A$ of $n$-elements-generated group $G$ has can be generated by $2n[G:A]$ elements},
AUTHOR = {HallaSurvivor (https://math.stackexchange.com/users/655547/hallasurvivor)},
HOWPUBLISHED = {Mathematics Stack Exchange},
NOTE = {(version: 2021-01-13)},
EPRINT = {https://math.stackexchange.com/q/3983366},
URL = {https://math.stackexchange.com/q/3983366}
}

@article{kaplansky,
author = {Shum, Kar and Guo, Y},
year = {2003},
month = {01},
pages = {431-433},
journal = {Scientiae Mathematicae Japonicae Online},
title = {A NEW PROOF OF KAPLANSKY-JACOBSON THEOREM ON ONE-SIDED INVERSES}
}

@MISC{31790,
TITLE = {How would you solve this tantalizing Halmos problem?},
AUTHOR = {Victor Protsak (https://mathoverflow.net/users/5740/victor-protsak)},
HOWPUBLISHED = {MathOverflow},
NOTE = {(version: 2010-07-14)},
EPRINT = {https://mathoverflow.net/q/31790},
URL = {https://mathoverflow.net/q/31790}
}

@MISC{igusa,
TITLE = {MATH205BNOTES 2010 COMMUTATIVE ALGEBRA},
AUTHOR = {Kiyoshi Igusa},
URL = {http://people.brandeis.edu/~igusa/Math205bS10/Math205b_S10_12.pdf}
}

@MISC {1326600,
TITLE = {Is the zero ring a domain?},
AUTHOR = {rschwieb (https://math.stackexchange.com/users/29335/rschwieb)},
HOWPUBLISHED = {Mathematics Stack Exchange},
NOTE = {(version: 2017-04-13)},
EPRINT = {https://math.stackexchange.com/q/1326600},
URL = {https://math.stackexchange.com/q/1326600}
}

@MISC {83886,
	TITLE = {Polynomial $p(x)$ is a unit (invertible) $\iff p_0 = p(0)$ is a unit, all other coefficients are nilpotent},
	AUTHOR = {Bill Dubuque (https://math.stackexchange.com/users/242/bill-dubuque)},
	HOWPUBLISHED = {Mathematics Stack Exchange},
	NOTE = {(version: 2021-02-21)},
	EPRINT = {https://math.stackexchange.com/q/83886},
	URL = {https://math.stackexchange.com/q/83886}
}

@MISC {3347812,
	TITLE = {Zero divisor for polynomial ring},
	AUTHOR = {Tsemo Aristide (https://math.stackexchange.com/users/280301/tsemo-aristide)},
	HOWPUBLISHED = {Mathematics Stack Exchange},
	NOTE = {(version: 2019-09-07)},
	EPRINT = {https://math.stackexchange.com/q/3347812},
	URL = {https://math.stackexchange.com/q/3347812}
}

@MISC {3126329,
	TITLE = {Irreducible polynomial over $\mathbb{Q}[x]$ has even degree if the sum of two distinct roots lies in $\mathbb{Q}$},
	AUTHOR = {Slade (https://math.stackexchange.com/users/33433/slade)},
	HOWPUBLISHED = {Mathematics Stack Exchange},
	NOTE = {(version: 2019-02-25)},
	EPRINT = {https://math.stackexchange.com/q/3126329},
	URL = {https://math.stackexchange.com/q/3126329}
}

@MISC {174713,
	TITLE = {Classification of prime ideals of $\mathbb{Z}[X]$},
	AUTHOR = {Arturo Magidin (https://math.stackexchange.com/users/742/arturo-magidin)},
	HOWPUBLISHED = {Mathematics Stack Exchange},
	NOTE = {(version: 2017-10-05)},
	EPRINT = {https://math.stackexchange.com/q/174713},
	URL = {https://math.stackexchange.com/q/174713}
}

@MISC {1256120,
	TITLE = {$x^p -x-c$ is irreducible over a field of characteristic $p$ if it has no root in the field},
	AUTHOR = {MooS (https://math.stackexchange.com/users/211913/moos)},
	HOWPUBLISHED = {Mathematics Stack Exchange},
	NOTE = {(version: 2015-04-28)},
	EPRINT = {https://math.stackexchange.com/q/1256120},
	URL = {https://math.stackexchange.com/q/1256120}
}

@MISC {290032,
	TITLE = {Quadratic extensions in characteristic $2$},
	AUTHOR = {Pete L. Clark (https://math.stackexchange.com/users/299/pete-l-clark)},
	HOWPUBLISHED = {Mathematics Stack Exchange},
	NOTE = {(version: 2013-01-30)},
	EPRINT = {https://math.stackexchange.com/q/290032},
	URL = {https://math.stackexchange.com/q/290032}
}

@MISC {2034062,
	TITLE = {The trace of finite dimensional extension $F$ over the finite field $K$ is surjective.},
	AUTHOR = {Ted (https://math.stackexchange.com/users/15012/ted)},
	HOWPUBLISHED = {Mathematics Stack Exchange},
	NOTE = {(version: 2016-11-28)},
	EPRINT = {https://math.stackexchange.com/q/2034062},
	URL = {https://math.stackexchange.com/q/2034062}
}

@MISC {143719,
	TITLE = {Show the norm map is surjective},
	AUTHOR = {Dylan Moreland (https://math.stackexchange.com/users/3701/dylan-moreland)},
	HOWPUBLISHED = {Mathematics Stack Exchange},
	NOTE = {(version: 2017-04-13)},
	EPRINT = {https://math.stackexchange.com/q/143719},
	URL = {https://math.stackexchange.com/q/143719}
}

@MISC {508932,
	TITLE = {On irreducible factors of $x^{2^n}+x+1$ in $\mathbb Z_2[x]$},
	AUTHOR = {user26857},
	HOWPUBLISHED = {Mathematics Stack Exchange},
	NOTE = {(version: 2017-10-06)},
	EPRINT = {https://math.stackexchange.com/q/508932},
	URL = {https://math.stackexchange.com/q/508932}
}

@MISC {86786,
	TITLE = {Why does an irreducible polynomial split into irreducible factors of equal degree over a Galois extension?},
	AUTHOR = {Arturo Magidin (https://math.stackexchange.com/users/742/arturo-magidin)},
	HOWPUBLISHED = {Mathematics Stack Exchange},
	NOTE = {(version: 2011-11-29)},
	EPRINT = {https://math.stackexchange.com/q/86786},
	URL = {https://math.stackexchange.com/q/86786}
}


@MISC {888841,
	TITLE = {Is normal extension of normal extension always normal?},
	AUTHOR = {zcn (https://math.stackexchange.com/users/115654/zcn)},
	HOWPUBLISHED = {Mathematics Stack Exchange},
	NOTE = {(version: 2014-08-06)},
	EPRINT = {https://math.stackexchange.com/q/888841},
	URL = {https://math.stackexchange.com/q/888841}
}
@MISC {575060,
	TITLE = {find a degree and splitting field for $x^4-2$ over $\mathbb{Q}(i)$},
	AUTHOR = {H.E (https://math.stackexchange.com/users/74823/h-e)},
	HOWPUBLISHED = {Mathematics Stack Exchange},
	NOTE = {(version: 2013-11-20)},
	EPRINT = {https://math.stackexchange.com/q/575060},
	URL = {https://math.stackexchange.com/q/575060}
}

@MISC {1780896,
	TITLE = {About some properties of composites of field extesions},
	AUTHOR = {awllower (https://math.stackexchange.com/users/6792/awllower)},
	HOWPUBLISHED = {Mathematics Stack Exchange},
	NOTE = {(version: 2016-05-11)},
	EPRINT = {https://math.stackexchange.com/q/1780896},
	URL = {https://math.stackexchange.com/q/1780896}
}

@MISC {1824104,
	TITLE = {Intermediate fields of a finite field extension that is not separable},
	AUTHOR = {Jyrki Lahtonen (https://math.stackexchange.com/users/11619/jyrki-lahtonen)},
	HOWPUBLISHED = {Mathematics Stack Exchange},
	NOTE = {(version: 2016-06-13)},
	EPRINT = {https://math.stackexchange.com/q/1824104},
	URL = {https://math.stackexchange.com/q/1824104}
}

@MISC {62792,
	TITLE = {the degree of a splitting field of a polynomial},
	AUTHOR = {Zev Chonoles (https://math.stackexchange.com/users/264/zev-chonoles)},
	HOWPUBLISHED = {Mathematics Stack Exchange},
	NOTE = {(version: 2018-06-23)},
	EPRINT = {https://math.stackexchange.com/q/62792},
	URL = {https://math.stackexchange.com/q/62792}
}

@MISC {403963,
	TITLE = {$x^p-c$ has no root in a field $F$ if and only if $x^p-c$ is irreducible?},
	AUTHOR = {Camilo Arosemena-Serrato (https://math.stackexchange.com/users/33495/camilo-arosemena-serrato)},
	HOWPUBLISHED = {Mathematics Stack Exchange},
	NOTE = {(version: 2019-09-24)},
	EPRINT = {https://math.stackexchange.com/q/403963},
	URL = {https://math.stackexchange.com/q/403963}
}